<?xml version="1.0" encoding="utf-8"?>
<record xmlns="http://www.loc.gov/MARC21/slim" xmlns:xsi="http://www.w3.org/2001/XMLSchema-instance" xsi:schemaLocation="http://www.loc.gov/MARC21/slim http://www.loc.gov/standards/marcxml/schema/MARC21slim.xsd">
	<leader>     nam a22        4500</leader>
	<controlfield tag="001">002769278</controlfield>
	<controlfield tag="003">NNU</controlfield>
	<controlfield tag="006">m        d        </controlfield>
	<controlfield tag="007">cr cn |||m|||a</controlfield>
	<controlfield tag="008">160802m19251929ua      obc   000 0 arard</controlfield>
	<datafield ind1=" " ind2=" " tag="040">
		<subfield code="a">NNU</subfield>
		<subfield code="b">eng</subfield>
		<subfield code="e">rda</subfield>
		<subfield code="c">NNU</subfield>
	</datafield>
	<datafield ind1=" " ind2="4" tag="050">
		<subfield code="a">Z6621</subfield>
		<subfield code="b">.A3614 1925</subfield>
	</datafield>
	<datafield ind1="1" ind2=" " tag="110">
		<subfield code="6">880-01</subfield>
		<subfield code="a">Abū ʻAlī, Aḥmad.</subfield>
	</datafield>
	<datafield ind1="1" ind2="0" tag="245">
		<subfield code="6">880-02</subfield>
		<subfield code="a">Fihris .../</subfield>
		<subfield code="c">bi-qalam Aḥmad Abū ʻAlī.</subfield>
	</datafield>
	<datafield ind1=" " ind2=" " tag="260">
		<subfield code="6">880-03</subfield>
		<subfield code="a">Iskandarīyah :</subfield>
		<subfield code="b">Sharikat al-Maṭbūʻāt al-Miṣrīyah,</subfield>
		<subfield code="c">1925-1929.</subfield>
	</datafield>
	<datafield ind1=" " ind2=" " tag="300">
		<subfield code="a">online resource (6 volumes)</subfield>
	</datafield>
	<datafield ind1=" " ind2=" " tag="336">
		<subfield code="a">text</subfield>
		<subfield code="2">rdacontent</subfield>
	</datafield>
	<datafield ind1=" " ind2=" " tag="337">
		<subfield code="a">computer</subfield>
		<subfield code="2">rdamedia</subfield>
	</datafield>
	<datafield ind1=" " ind2=" " tag="338">
		<subfield code="a">online resource</subfield>
		<subfield code="2">rdacarrier</subfield>
	</datafield>
	<datafield ind1=" " ind2=" " tag="500">
		<subfield code="a">At head of title: al-Maktabah al-Baladīyah.</subfield>
	</datafield>
	<datafield ind1=" " ind2=" " tag="500">
		<subfield code="a">Vols. [1] and [5] lack general t.p.; v. [2]-[4] have cover title only. Many subject subdivisions have special title pages and pagination.</subfield>
	</datafield>
	<datafield ind1=" " ind2=" " tag="500">
		<subfield code="a">Includes printed books and manuscripts.</subfield>
	</datafield>
	<datafield ind1=" " ind2=" " tag="500">
		<subfield code="a">Part of the Arabic Collections Online (ACO) project, contributed by New York Univeristy Libraries.</subfield>
	</datafield>
	<datafield ind1="0" ind2=" " tag="505">
		<subfield code="a">[1.] al-Taʼrīkh: al-Sīrah al-nabawīyah al-sharīfah. al-Taʼrīkh al-ʻām wa-al-ḥāṣṣ. al-Jughrāfīyā. al-Taʼrīkh al-ṭabʻīyah. 1925-26. -- [2.] al-ʻUlūm al-ʻarabīyah: ʻIlm al-taṣrīf. ʻIlm al-naḥw. ʻUlum al-balāghah. ʻIlm al-waḍʻ. ʻIlm al-lughah. ʻIlm al-ʻarūḍ wa-al-qawāfī. al-Adab. al-Muṣannafāt al-ijtimāʻīyah wa-al-iqtiṣādīyah wa-al-siyāsīyah. 1927. -- [3.] Kutub uṣūl al-sharīʻah al-Islāmīyah: al-Qurʼān al-sharīf. ʻIlm al-qirāʼāt wa-al-tajwīd wa-rasm al-maṣḥaf. ʻIlm al-tafsīr wa-mulḥaqātih. ʻIlm muṣṭalaḥ al-ḥadīth. ʻIlm al-ḥadīth al-sharīf. Kutub furūʻ al-sharīʻah al-Islāmīyah: ʻIlm uṣūl al-fiqh. al-Madhāhib al-arbaʻah. ʻIlm al-farāʼiḍ. 1927. -- [4.] al-Ilāhiyāt wa-mā yandaraj taḥtahā: al-Tawḥīd. al-Taṣawwuf. al-Fawāʼid wa-al-ādamīyah. al-Ḥurūf wa-al-asmāʼ. al-Farq al-Islāmīyah. al-Adyān. al-Muʻtaqadāt. al-Falsafīyāt wa-mā yajrī majrāhā: al-Manṭiq. al-Ḥikmah wa-al-falsafah. al-Mawāʼiẓ wa-al-akhlāq. Ādāb al-baḥth wa-al-manāẓirah. al-Tarbīyah wa-al-taʻlīm. 1928. -- [5.] al-Ṭabīʻīyāt wa-mā yajrī majrāhā, wa-hiya: al-Ṭibb bi-furūʻih. al-Kīmīyā wa-al-ṭabīʻah. al-Zirāʻah. al-Riyāḍīyāt wa-mā bi-tabaʻihā. al-Qawānīn wa-al-sharāʼiʻ. Aʻmāl al-ḥukūmah al-Miṣrīyah. 1928. -- [6.] al-Funūn al-munawwaʻah. al-Qiṣaṣ wa-al-riwāyāt.</subfield>
	</datafield>
	<datafield ind1=" " ind2=" " tag="533">
		<subfield code="a">Electronic reproduction.</subfield>
		<subfield code="b">New York, N.Y. :</subfield>
		<subfield code="c">New York University,</subfield>
		<subfield code="d">2016.</subfield>
		<subfield code="5">NNU</subfield>
	</datafield>
	<datafield ind1=" " ind2="0" tag="650">
		<subfield code="a">Manuscripts, Arabic</subfield>
		<subfield code="v">Catalogs.</subfield>
	</datafield>
	<datafield ind1=" " ind2="7" tag="650">
		<subfield code="a">Manuscripts, Arabic.</subfield>
		<subfield code="2">fast</subfield>
		<subfield code="0">(OCoLC)fst01008278</subfield>
	</datafield>
	<datafield ind1=" " ind2="7" tag="655">
		<subfield code="a">Catalogs.</subfield>
		<subfield code="2">fast</subfield>
		<subfield code="0">(OCoLC)fst01423692</subfield>
	</datafield>
	<datafield ind1="2" ind2=" " tag="710">
		<subfield code="a">New York University.</subfield>
		<subfield code="b">Libraries.</subfield>
	</datafield>
	<datafield ind1="0" ind2=" " tag="730">
		<subfield code="a">Arabic Collections Online.</subfield>
	</datafield>
	<datafield ind1="0" ind2="8" tag="776">
		<subfield code="i">Print version:</subfield>
		<subfield code="a">Abū ʻAlī, Aḥmad.</subfield>
		<subfield code="t">Fihris</subfield>
		<subfield code="w">(NNU)002769278</subfield>
		<subfield code="w">(DLC)   72210206</subfield>
	</datafield>
	<datafield ind1="4" ind2="0" tag="856">
		<subfield code="u">http://hdl.handle.net/2333.1/m905qkdz</subfield>
	</datafield>
	<datafield ind1="1" ind2=" " tag="880">
		<subfield code="6">110-01/</subfield>
		<subfield code="a">ابو علي، احمد.</subfield>
	</datafield>
	<datafield ind1="1" ind2="0" tag="880">
		<subfield code="6">245-02/</subfield>
		<subfield code="a">فهرس .../</subfield>
		<subfield code="c">بقلم احمد ابو علي.</subfield>
	</datafield>
	<datafield ind1=" " ind2=" " tag="880">
		<subfield code="6">260-03/</subfield>
		<subfield code="a">اسكندرية :</subfield>
		<subfield code="b">شركة المطبوعات المصرية،</subfield>
		<subfield code="c">1925-1929.</subfield>
	</datafield>
	<datafield ind1=" " ind2=" " tag="959">
		<subfield code="a">NNU</subfield>
		<subfield code="b">WEB</subfield>
		<subfield code="c">GENI</subfield>
		<subfield code="t">0</subfield>
		<subfield code="m">Electronic access</subfield>
		<subfield code="s">01</subfield>
	</datafield>
	<datafield ind1=" " ind2=" " tag="999">
		<subfield code="i">NNU_002769278</subfield>
		<subfield code="s">nyu_aco001880:v.5</subfield>
	</datafield>
</record>
